@article
{outliner,
author={Chunhua Liao and Daniel J. Quinlan and Richard Vuduc and Thomas Panas},
title={Effective Source-to-Source Outlining to Support Whole Program Empirical Optimization},
journal={The 22nd International Workshop on Languages and Compilers for Parallel Computing},
year={2009}
}

@article
{roseomp,
author={Chunhua Liao and Daniel J. Quinlan and Thomas Panas and Bronis R. de Supinski},
title={A {ROSE}-based {OpenMP} 3.0 Research Compiler Supporting Multiple Runtime Libraries},
journal={International Workshop on OpenMP (IWOMP)},
year={2010}
}

@manual
{tuto,
title={{ROSE} Tutorials: A tool for building source-to-source translators},
author={Daniel Quinlan and Markus Schordan and Richard Vuduc et al.},
year={2011},
organization={Lawrence Livermore National Laboratory}
}

@manual
{usermanual,
title={ROSE User Manual: A tool for building source-to-source translators},
author={Daniel Quinlan and Markus Schordan and Richard Vuduc et al.},
year={2011},
organization={Lawrence Livermore National Laboratory}
}

@misc
{smec,
title={{SME-C}},
author={Rémy Barrère and Marcel Beemster and Ronan Keryell},
note={June 28, 2011}
}
